<record><leader>00000cas a22000007a 4500</leader><controlfield tag="001">14147669</controlfield><controlfield tag="008">860826d18641865ncuwr ne      0   a0eng d</controlfield><datafield ind1=" " ind2=" " tag="010"><subfield code="a">sn 86077149 </subfield></datafield><datafield ind1=" " ind2=" " tag="040"><subfield code="a">NPA</subfield><subfield code="b">eng</subfield><subfield code="c">NPA</subfield><subfield code="d">NVJ</subfield><subfield code="d">NST</subfield><subfield code="d">NVJ</subfield><subfield code="d">DLC</subfield><subfield code="d">OCLCQ</subfield><subfield code="d">OCLCF</subfield><subfield code="d">DLC</subfield></datafield><datafield ind1=" " ind2=" " tag="012"><subfield code="i">9303</subfield></datafield><datafield ind1="0" ind2=" " tag="022"><subfield code="a">2474-6320</subfield><subfield code="2">1</subfield></datafield><datafield ind1=" " ind2=" " tag="042"><subfield code="a">msc</subfield><subfield code="a">nsdp</subfield></datafield><datafield ind1=" " ind2=" " tag="043"><subfield code="a">n-us-nc</subfield></datafield><datafield ind1="0" ind2="0" tag="050"><subfield code="a">Newspaper</subfield></datafield><datafield ind1="1" ind2="0" tag="082"><subfield code="a">071</subfield><subfield code="2">23</subfield></datafield><datafield ind1="0" ind2=" " tag="130"><subfield code="a">Weekly confederate (Raleigh, N.C.)</subfield></datafield><datafield ind1=" " ind2="0" tag="222"><subfield code="a">Weekly confederate</subfield><subfield code="b">(Raleigh, N.C. Print)</subfield></datafield><datafield ind1="1" ind2="0" tag="245"><subfield code="a">Weekly confederate.</subfield></datafield><datafield ind1="1" ind2="3" tag="246"><subfield code="a">Confederate</subfield></datafield><datafield ind1=" " ind2=" " tag="260"><subfield code="a">Raleigh [N.C.] :</subfield><subfield code="b">A.M. Gorman &amp; Co.</subfield></datafield><datafield ind1=" " ind2=" " tag="300"><subfield code="a">v.</subfield></datafield><datafield ind1=" " ind2=" " tag="310"><subfield code="a">Weekly</subfield></datafield><datafield ind1="1" ind2=" " tag="362"><subfield code="a">Began in Feb. 1864; ceased in 1865.</subfield></datafield><datafield ind1=" " ind2=" " tag="530"><subfield code="a">Also issued on microfilm by the North Carolina Dept. of Archives and History, Div. of Archives and Manuscripts.</subfield></datafield><datafield ind1=" " ind2=" " tag="530"><subfield code="a">Archived issues are available in digital format from the Library of Congress Chronicling America online collection.</subfield></datafield><datafield ind1=" " ind2=" " tag="580"><subfield code="a">Daily ed.: Daily confederate (Raleigh, N.C.), 1864-1865.</subfield></datafield><datafield ind1=" " ind2=" " tag="580"><subfield code="a">Triweekly ed.: Confederate (Raleigh, N.C. : Triweekly), 1864.</subfield></datafield><datafield ind1=" " ind2=" " tag="588"><subfield code="a">Description based on: Vol. 1, no. 2 (Feb. 9, 1864).</subfield></datafield><datafield ind1=" " ind2="0" tag="651"><subfield code="a">Raleigh (N.C.)</subfield><subfield code="v">Newspapers.</subfield></datafield><datafield ind1=" " ind2="7" tag="651"><subfield code="a">North Carolina</subfield><subfield code="z">Raleigh.</subfield><subfield code="2">fast</subfield><subfield code="0">(OCoLC)fst01206341</subfield></datafield><datafield ind1=" " ind2="7" tag="655"><subfield code="a">Newspapers.</subfield><subfield code="2">fast</subfield><subfield code="0">(OCoLC)fst01423814</subfield></datafield><datafield ind1=" " ind2=" " tag="752"><subfield code="a">United States</subfield><subfield code="b">North Carolina</subfield><subfield code="c">Wake</subfield><subfield code="d">Raleigh.</subfield></datafield><datafield ind1="1" ind2=" " tag="775"><subfield code="t">Daily confederate (Raleigh, N.C.)</subfield><subfield code="x">2474-0799</subfield><subfield code="w">(DLC)sn 83025813</subfield><subfield code="w">(OCoLC)9817024</subfield></datafield><datafield ind1="1" ind2=" " tag="775"><subfield code="t">Confederate (Raleigh, N.C. : Triweekly)</subfield><subfield code="w">(DLC)sn 93065736</subfield><subfield code="w">(OCoLC)27346343</subfield></datafield><datafield ind1="0" ind2="8" tag="776"><subfield code="i">Online version:</subfield><subfield code="t">Weekly confederate (Raleigh, N.C.)</subfield><subfield code="x">2474-6339</subfield><subfield code="w">(DLC)  2016271197</subfield><subfield code="w">(OCoLC)960464176</subfield></datafield><datafield ind1="4" ind2="1" tag="856"><subfield code="u">http://chroniclingamerica.loc.gov/lccn/sn86077149/issues/</subfield></datafield><datafield ind1=" " ind2=" " tag="850"><subfield code="a">MnU</subfield></datafield></record>